@book{sebesta,
	Author = {Robert W. Sebesta},
	Title = {Concepts of Programming Languages (10th Edition)},
	Publisher = {Addison-Wesley},
	Year = {2012},
	ISBN = {0131395319}
}

@misc{delegate,
	Author = {Microsoft Developer Network},
	title = { Delegates ( C\# Programming Guide ) },
	howpublished = {\url{http://msdn.microsoft.com/en-us/library/ms173171(v=vs.90).aspx}},
	note = {Acessado em: 22/09/2013}
}

@misc{pointer,
	Author = {Alex Allain},
	title = { Function Pointers in C and C++ },
	howpublished = {\url{http://www.cprogramming.com/tutorial/function-pointers.html}},
	note = {Acessado em: 22/09/2013}
}

@misc{overload_java,
	Author = {The Java Tutorials},
	title = {Defining Methods},
	howpublished = {\url{http://docs.oracle.com/javase/tutorial/java/javaOO/methods.html}},
	note = {Acessado em: 23/09/2013}
}

@misc{poli_java,
	Author = {The Java Tutorials},
	title = {Polymorphism},
	howpublished = {\url{http://docs.oracle.com/javase/tutorial/java/IandI/polymorphism.html}},
	note = {Acessado em: 23/09/2013	}
}

@misc{template_cpluplus,
	Author = {C++ Documentation},
	title = {Templates},
	howpublished = {\url{http://www.cplusplus.com/doc/tutorial/templates/}},
	note = {Acessado em: 23/09/2013	}
}

@misc{generics_java,
	Author = {The Java Tutorials},
	title = {Lesson: Generics},
	howpublished = {\url{http://docs.oracle.com/javase/tutorial/java/generics/index.html}},
	note = {Acessado em: 23/09/2013	}
}

@misc{generics_msdn,
	Author = {Microsoft Developer Network},
	title = {Generics (C\# Programming Guide)},
	howpublished = {\url{http://msdn.microsoft.com/en-us/library/512aeb7t.aspx}},
	note = {Acessado em: 23/09/2013	}
}

@article{babbage1910babbage,
  title={Babbage's analytical engine},
  author={Babbage, HP},
  journal={Monthly Notices of the Royal Astronomical Society},
  volume={70},
  number={6},
  year={1910}
}

@book{thomas2004programming,
  title={Programming Ruby},
  author={Thomas, David and Fowler, Chad and Hunt, Andrew},
  volume={13},
  year={2004},
  publisher={Pragmatic Bookshelf}
}

@book{caelum,
  title     = "Desenv. √Ågil para Web com Ruby on Rails",
  publisher = "Caelum",
  year      = "2008"
}