@book{sebesta,
  Author = {Robert W. Sebesta},
  Title = {Concepts of Programming Languages (10th Edition)},
  Publisher = {Addison-Wesley},
  Year = {2012},
  ISBN = {0131395319}
}

@misc{delegate,
  title = { Delegates ( C\# Programming Guide ) },
  howpublished = {\url{http://msdn.microsoft.com/en-us/library/ms173171(v=vs.90).aspx}},
  note = {Acessado em: 22/09/2013}
}